@article{Zeilndzon69,
	author = {Зейлндзон Е.Д., Сулимова М.И.},
	title = {Основные показатели эксплуатации релейной защиты и электроавтоматики в энергосистемах за 1962--1966 гг.},
	journaltitle = {Электрические станции},
	date = {1969},
	number = {1},
}

@book{Gorev50,
	author = {Горев А. А.},
	title = {Переходные процессы синхронной машины},
	date = {1950},
	publisher = {Госэнергоиздат},
}

@book{Shchedrin35,
	author = {Щедрин Н. Н.},
	title = {Токи короткого замыкания высоковольтных систем},
	date = {1935},
	publisher = {ОНТИ},
}
